%%% Articles %%%

@article{chen,
    author="J. Chen, Z. Yan, L. Chen, and B. Andresen",
    title="Efficiency Bound of a Solar-Driven Stirling Heat Engine System",
    journal="International Journal of Energy Research",
    year="1998",
    volume="22",
    pages="805-812",
    month="December",
}

@article{ataer,
    author="O.E. Ataer and H. Karabulut",
    title="Thermodynamic Analysis of the V-Type Stirling-Cycle Refrigerator",
    journal="International Journal of Refrigeration",
    year="2005",
    volume="28",
    pages="183-189",
}


%%% Theses %%%

@phdthesis{SophieThesis,
    author="Sophie Gueron",
    school="University Paris VI",
    address="France",
    year="1997",
}

@phdthesis{CrosserThesis,
    author="Michael S. Crosser",
    school="Michigan State University",
    address="East Lansing, MI",
    year="2005",
}

%%% Books %%%

@book{energyenv,
    author = "Robert A. Ristinen and Jack J. Kraushaar",
    booktitle ="Energy and the Environment",
    year = "1999",
    publisher = "John Wiley \& Sons",
    address = "New York"
}

@book{thermal,
    author = "Daniel V. Schroeder",
    booktitle ="An Introduction to Thermal Physics",
    year = "2000",
    publisher = "Addison Wesley Longman",
    address = "San Francisco"
}

%%%%%%%%%%%%%%%%%%%%%%%%%%%%%%%%%%%%%%%%%%%%%%%%%%%%%%%%%%%%%%

@misc{NPGSManual,
    title = "J. C. Nabity Nanometer Pattern Generation System, Version 7.4 page 14-3"}

@misc{tak,
    author="S. Tak, R.P. Sharma, S. Yadav",
    title="Comparison Between Solar Stirling Engine and Other Solar Devices",
}

@misc{globalsymmetry,
    title="Differences between the two plots are likely due to misalignments between the respective {dI/dV} data; however, the large spikes at $\pm 40~\mu e${V} is reproducible",
}

@misc{eia:01,
    author = "\urlstyle{rm}\url{https://eia.gov/energyexplained/?page=solar_thermal_power_plants}"
}

@misc{acgen,
    author = "\urlstyle{rm}\url{http://hyperphysics.phy-astr.gsu.edu/hbase/magnetic/motorac.html}"
}

@misc{tower,
    author = "\urlstyle{rm}\url{http://energy.gov/sites/prod/files/2014/05/f15/2014_csp_report.pdf}"
}
